<record><leader>00000cas a2200000 a 4500</leader><controlfield tag="001">33341989</controlfield><controlfield tag="008">951020c19099999cauwr ne      0    0eng c</controlfield><datafield ind1=" " ind2=" " tag="010"><subfield code="a">sn 95062714 </subfield></datafield><datafield ind1=" " ind2=" " tag="040"><subfield code="a">CNK</subfield><subfield code="b">eng</subfield><subfield code="c">CNK</subfield><subfield code="d">CNK</subfield><subfield code="d">OCLCQ</subfield><subfield code="d">OCLCO</subfield><subfield code="d">OCLCF</subfield></datafield><datafield ind1="1" ind2=" " tag="029"><subfield code="a">AU@</subfield><subfield code="b">000021098981</subfield></datafield><datafield ind1=" " ind2=" " tag="042"><subfield code="a">pcc</subfield></datafield><datafield ind1=" " ind2=" " tag="043"><subfield code="a">n-us-ca</subfield></datafield><datafield ind1="0" ind2="0" tag="245"><subfield code="a">Soledad bee.</subfield></datafield><datafield ind1=" " ind2=" " tag="260"><subfield code="a">Soledad, Monterey County, Calif. :</subfield><subfield code="b">C.G. Kinnear</subfield></datafield><datafield ind1=" " ind2=" " tag="300"><subfield code="a">v.</subfield></datafield><datafield ind1=" " ind2=" " tag="310"><subfield code="a">Weekly</subfield></datafield><datafield ind1="0" ind2=" " tag="362"><subfield code="a">Vol. 1, no. 1 (Oct. 22, 1909)-</subfield></datafield><datafield ind1=" " ind2=" " tag="500"><subfield code="a">Published in King City, Calif., Oct. 1986-</subfield></datafield><datafield ind1=" " ind2="0" tag="651"><subfield code="a">Soledad (Calif.)</subfield><subfield code="v">Newspapers.</subfield></datafield><datafield ind1=" " ind2="7" tag="655"><subfield code="a">Newspapers.</subfield><subfield code="2">fast</subfield><subfield code="0">(OCoLC)fst01423814</subfield></datafield><datafield ind1=" " ind2="7" tag="651"><subfield code="a">California</subfield><subfield code="z">Soledad.</subfield><subfield code="2">fast</subfield><subfield code="0">(OCoLC)fst01236314</subfield></datafield><datafield ind1=" " ind2=" " tag="752"><subfield code="a">United States</subfield><subfield code="b">California</subfield><subfield code="c">Monterey</subfield><subfield code="d">King City.</subfield></datafield><datafield ind1=" " ind2=" " tag="752"><subfield code="a">United States</subfield><subfield code="b">California</subfield><subfield code="c">Monterey</subfield><subfield code="d">Soledad.</subfield></datafield><datafield ind1="0" ind2=" " tag="770"><subfield code="t">Land and its people (King City, Calif.)</subfield><subfield code="w">(DLC)sn2010271068</subfield></datafield></record>